
@inbook{cosner2008,
	title = {Reaction{\textendash}Diffusion Equations and Ecological Modeling},
	author = {Cosner, C.},
	editor = {Friedman, Avner},
	year = {2008},
	date = {2008},
	publisher = {Springer},
	pages = {77--115},
	doi = {10.1007/978-3-540-74331-6_3},
	url = {https://doi.org/10.1007/978-3-540-74331-6_3},
	note = {DOI: 10.1007/978-3-540-74331-6{\_}3},
	address = {Berlin, Heidelberg},
	langid = {en}
}

@article{fisher1937,
	title = {THE WAVE OF ADVANCE OF ADVANTAGEOUS GENES},
	author = {Fisher, R. A.},
	year = {1937},
	month = {06},
	date = {1937-06},
	journal = {Annals of Eugenics},
	pages = {355--369},
	volume = {7},
	number = {4},
	doi = {10.1111/j.1469-1809.1937.tb02153.x},
	url = {https://onlinelibrary.wiley.com/doi/10.1111/j.1469-1809.1937.tb02153.x},
	langid = {en}
}

@article{skellam1951,
	title = {RANDOM DISPERSAL IN THEORETICAL POPULATIONS},
	author = {Skellam, J. G.},
	year = {1951},
	date = {1951},
	journal = {Biometrika},
	pages = {196--218},
	volume = {38},
	number = {1-2},
	doi = {10.1093/biomet/38.1-2.196},
	url = {https://academic.oup.com/biomet/article-lookup/doi/10.1093/biomet/38.1-2.196},
	langid = {en}
}

@article{neubert2000,
	title = {Demography and Dispersal: Calculation and Sensitivity Analysis of Invasion Speed for Structured Populations},
	author = {Neubert, Michael G. and Caswell, Hal},
	year = {2000},
	date = {2000},
	journal = {Ecology},
	pages = {1613--1628},
	volume = {81},
	number = {6},
	doi = {10.1890/0012-9658(2000)081[1613:DADCAS]2.0.CO;2},
	url = {https://onlinelibrary.wiley.com/doi/abs/10.1890/0012-9658%282000%29081%5B1613%3ADADCAS%5D2.0.CO%3B2},
	note = {{\_}eprint: https://onlinelibrary.wiley.com/doi/pdf/10.1890/0012-9658%282000%29081%5B1613%3ADADCAS%5D2.0.CO%3B2},
	langid = {en}
}

@article{holmes1994,
	title = {Partial Differential Equations in Ecology: Spatial Interactions and Population Dynamics},
	author = {Holmes, E. E. and Lewis, M. A. and Banks, J. E. and Veit, R. R.},
	year = {1994},
	month = {01},
	date = {1994-01},
	journal = {Ecology},
	pages = {17--29},
	volume = {75},
	number = {1},
	doi = {10.2307/1939378},
	url = {https://esajournals.onlinelibrary.wiley.com/doi/10.2307/1939378},
	langid = {en}
}

@article{hastings2005,
	title = {The spatial spread of invasions: new developments in theory and evidence},
	author = {Hastings, Alan and Cuddington, Kim and Davies, Kendi F. and Dugaw, Christopher J. and Elmendorf, Sarah and Freestone, Amy and Harrison, Susan and Holland, Matthew and Lambrinos, John and Malvadkar, Urmila and Melbourne, Brett A. and Moore, Kara and Taylor, Caz and Thomson, Diane},
	year = {2005},
	month = {01},
	date = {2005-01},
	journal = {Ecology Letters},
	pages = {91--101},
	volume = {8},
	number = {1},
	doi = {10.1111/j.1461-0248.2004.00687.x},
	url = {https://onlinelibrary.wiley.com/doi/10.1111/j.1461-0248.2004.00687.x},
	langid = {en}
}

@book{shigesada1997,
	title = {Biological Invasions: Theory and Practice},
	author = {Shigesada, Nanako and Kawasaki, Kohkichi},
	year = {1997},
	month = {04},
	date = {1997-04-17},
	publisher = {Oxford University Press},
	series = {Oxford Series in Ecology and Evolution},
	address = {Oxford, New York}
}

@book{lewis2016,
	title = {The Mathematics Behind Biological Invasions},
	author = {Lewis, Mark A. and Petrovskii, Sergei V. and Potts, Jonathan R.},
	year = {2016},
	date = {2016},
	publisher = {Springer International Publishing},
	series = {Interdisciplinary Applied Mathematics},
	volume = {44},
	doi = {10.1007/978-3-319-32043-4},
	url = {http://link.springer.com/10.1007/978-3-319-32043-4},
	note = {DOI: 10.1007/978-3-319-32043-4},
	address = {Cham},
	langid = {en}
}

@techreport{carver2006,
	title = {Biological synopsis of the colonial tunicates, Botryllus schlosseri and Botrylloides violaceus},
	author = {Carver, Claire E. and Mallet, {André L.} and Vercamaer, Benedikte},
	year = {2006},
	date = {2006},
	pages = {42},
	url = {publications.gc.ca/pub?id=9.562383&sl=0},
	address = {Dartmouth, NS},
	langid = {en}
}

@phdthesis{nelson2014,
	title = {Species invasion in the marine fouling communities of British Columbia : factors that influence invasion dynamics and how they may affect Botrylloides violaceus},
	author = {Nelson, Jocelyn Christine},
	year = {2014},
	date = {2014},
	doi = {10.14288/1.0167429},
	url = {https://open.library.ubc.ca/soa/cIRcle/collections/ubctheses/24/items/1.0167429},
	note = {DOI: 10.14288/1.0167429},
	langid = {eng}
}

@article{andow1990,
	title = {Spread of invading organisms},
	author = {Andow, D. A. and Kareiva, P. M. and Levin, Simon A. and Okubo, Akira},
	year = {1990},
	month = {07},
	date = {1990-07-01},
	journal = {Landscape Ecology},
	pages = {177--188},
	volume = {4},
	number = {2},
	doi = {10.1007/BF00132860},
	url = {https://doi.org/10.1007/BF00132860},
	langid = {en}
}

@book{okubo2001,
	title = {Diffusion and Ecological Problems: Modern Perspectives},
	author = {Okubo, Akira and Levin, Simon A.},
	year = {2001},
	date = {2001},
	publisher = {Springer New York},
	doi = {10.1007/978-1-4757-4978-6},
	url = {http://dx.doi.org/10.1007/978-1-4757-4978-6}
}

@article{grosholz1996,
	title = {Contrasting Rates of Spread for Introduced Species in Terrestrial and Marine Systems},
	author = {Grosholz, Edwin D.},
	year = {1996},
	date = {1996},
	journal = {Ecology},
	pages = {1680--1686},
	volume = {77},
	number = {6},
	doi = {10.2307/2265773},
	url = {https://onlinelibrary.wiley.com/doi/abs/10.2307/2265773},
	note = {{\_}eprint: https://onlinelibrary.wiley.com/doi/pdf/10.2307/2265773},
	langid = {en}
}

@article{macdonald2022,
	title = {Landscape, demographic, and dispersal parameters influence the spread and establishment dynamics of an aquatic biological invasion},
	author = {MacDonald, Kelly J. and Leroux, Shawn J. and Purchase, Craig F.},
	year = {2022},
	month = {05},
	date = {2022-05-11},
	journal = {ResearchSquare},
	doi = {10.21203/rs.3.rs-1514165/v1},
	url = {https://www.researchsquare.com/article/rs-1514165/v1}
}

@article{marculis2016,
	title = {Modelling the biological invasion of Carcinus maenas (the European green crab)},
	author = {Marculis, Nathan G. and Lui, Roger},
	year = {2016},
	month = {01},
	date = {2016-01-01},
	journal = {Journal of Biological Dynamics},
	pages = {140--163},
	volume = {10},
	number = {1},
	doi = {10.1080/17513758.2015.1115563},
	url = {https://doi.org/10.1080/17513758.2015.1115563},
	note = {Publisher: Taylor & Francis
{\_}eprint: https://doi.org/10.1080/17513758.2015.1115563
PMID: 26673728}
}

@article{gharouni2015,
	title = {Sensitivity of invasion speed to dispersal and demography: an application of spreading speed theory to the green crab invasion on the northwest Atlantic coast},
	author = {Gharouni, A and Barbeau, Ma and Locke, A and Wang, L and Watmough, J},
	year = {2015},
	month = {12},
	date = {2015-12-15},
	journal = {Marine Ecology Progress Series},
	pages = {135--150},
	volume = {541},
	doi = {10.3354/meps11508},
	url = {http://www.int-res.com/abstracts/meps/v541/p135-150/},
	langid = {en}
}

@article{worcester1994,
	title = {Adult rafting versus larval swimming: dispersal and recruitment of a botryllid ascidian on eelgrass},
	author = {Worcester, S. E.},
	year = {1994},
	month = {12},
	date = {1994-12-01},
	journal = {Marine Biology},
	pages = {309--317},
	volume = {121},
	number = {2},
	doi = {10.1007/BF00346739},
	url = {https://doi.org/10.1007/BF00346739},
	langid = {en}
}

@article{dicecco2021,
	title = {Observing the Observers: How Participants Contribute Data to iNaturalist and Implications for Biodiversity Science},
	author = {Di Cecco, Grace J and Barve, Vijay and Belitz, Michael W and Stucky, Brian J and Guralnick, Robert P and Hurlbert, Allen H},
	year = {2021},
	month = {11},
	date = {2021-11-01},
	journal = {BioScience},
	pages = {1179--1188},
	volume = {71},
	number = {11},
	doi = {10.1093/biosci/biab093},
	url = {https://doi.org/10.1093/biosci/biab093}
}

@article{encarnação2021,
	title = {Citizen Science and Biological Invasions: A Review},
	author = {{Encarnação}, {João} and {Teodósio}, Maria Alexandra and Morais, Pedro},
	year = {2021},
	month = {01},
	date = {2021-01-27},
	journal = {Frontiers in Environmental Science},
	volume = {8},
	doi = {10.3389/fenvs.2020.602980},
	url = {https://www.frontiersin.org/articles/10.3389/fenvs.2020.602980},
	note = {Publisher: Frontiers},
	langid = {English}
}

@article{lawson2022,
	title = {Engaging Online Citizen Scientists and the Consensus Method to Monitor the Marine Biofouling Community},
	author = {Lawson, Katherine N. and Tracy, Brianna M. and Sharova, Maria and Muirhead, Jim R. and Cawood, Alison},
	year = {2022},
	month = {04},
	date = {2022-04-13},
	journal = {Frontiers in Marine Science},
	volume = {9},
	doi = {10.3389/fmars.2022.862430},
	url = {https://www.frontiersin.org/articles/10.3389/fmars.2022.862430},
	note = {Publisher: Frontiers},
	langid = {English}
}

@article{clark2018,
	title = {Metrics for macroscale invasion and dispersal patterns},
	author = {Clark, Teresa L and Iannone, {Basil V, III} and Fei, Songlin},
	year = {2018},
	month = {01},
	date = {2018-01-19},
	journal = {Journal of Plant Ecology},
	pages = {64--72},
	volume = {11},
	number = {1},
	doi = {10.1093/jpe/rtw136},
	url = {https://doi.org/10.1093/jpe/rtw136}
}

@article{tobin2007,
	title = {Comparison of methods for estimating the spread of a non{-}indigenous species},
	author = {Tobin, Patrick C. and Liebhold, Andrew M. and Anderson Roberts, E.},
	year = {2007},
	month = {02},
	date = {2007-02},
	journal = {Journal of Biogeography},
	pages = {305--312},
	volume = {34},
	number = {2},
	doi = {10.1111/j.1365-2699.2006.01600.x},
	url = {https://onlinelibrary.wiley.com/doi/10.1111/j.1365-2699.2006.01600.x},
	langid = {en}
}

@article{keitt2001,
	title = {Allee Effects, Invasion Pinning, and Species{\textquoteright} Borders.},
	author = {Keitt, Timothy H. and Lewis, Mark A. and Holt, Robert D.},
	year = {2001},
	month = {02},
	date = {2001-02},
	journal = {The American Naturalist},
	pages = {203--216},
	volume = {157},
	number = {2},
	doi = {10.1086/318633},
	url = {https://www.journals.uchicago.edu/doi/full/10.1086/318633},
	note = {Publisher: The University of Chicago Press}
}

@article{kot1996,
	title = {Dispersal Data and the Spread of Invading Organisms},
	author = {Kot, Mark and Lewis, Mark A. and van den Driessche, P.},
	year = {1996},
	date = {1996},
	journal = {Ecology},
	pages = {2027--2042},
	volume = {77},
	number = {7},
	doi = {10.2307/2265698},
	url = {https://onlinelibrary.wiley.com/doi/abs/10.2307/2265698},
	note = {{\_}eprint: https://onlinelibrary.wiley.com/doi/pdf/10.2307/2265698},
	langid = {en}
}

@article{liu2019,
	title = {Accelerating invasions and the asymptotics of fat-tailed dispersal},
	author = {Liu, Benjamin R. and Kot, Mark},
	year = {2019},
	month = {06},
	date = {2019-06-21},
	journal = {Journal of Theoretical Biology},
	pages = {22--41},
	volume = {471},
	doi = {10.1016/j.jtbi.2019.03.016},
	url = {https://www.sciencedirect.com/science/article/pii/S0022519319301237}
}

@article{spocc,
	title = {spocc: Interface to Species Occurrence Data Sources},
	author = {Owens, Hannah and Barve, Vijay and Chamberlain, Scott},
	year = {2024},
	date = {2024},
	url = {https://CRAN.R-project.org/package=spocc}
}

@article{sf,
	title = {{\textbraceleft}Spatial Data Science: With applications in R{\textbraceright}},
	author = {Pebesma, Edzer and Bivand, Roger},
	year = {2023},
	date = {2023},
	doi = {10.1201/9780429459016},
	url = {https://r-spatial.org/book/}
}

@article{tidyverse,
	title = {Welcome to the {\textbraceleft}tidyverse{\textbraceright}},
	author = {Wickham, Hadley and Averick, Mara and Bryan, Jennifer and Chang, Winston and McGowan, {Lucy D'Agostino} and {François}, Romain and Grolemund, Garrett and Hayes, Alex and Henry, Lionel and Hester, Jim and Kuhn, Max and Pedersen, Thomas Lin and Miller, Evan and Bache, Stephan Milton and {Müller}, Kirill and Ooms, Jeroen and Robinson, David and Seidel, Dana Paige and Spinu, Vitalie and Takahashi, Kohske and Vaughan, Davis and Wilke, Claus and Woo, Kara and Yutani, Hiroaki},
	year = {2019},
	date = {2019},
	pages = {1686},
	volume = {4},
	doi = {10.21105/joss.01686}
}

@article{leaflet,
	title = {leaflet: Create Interactive Web Maps with the JavaScript 'Leaflet'
Library},
	author = {Cheng, Joe and Schloerke, Barret and Karambelkar, Bhaskar and Xie, Yihui},
	year = {2023},
	date = {2023},
	url = {https://CRAN.R-project.org/package=leaflet}
}

@article{clarkemurray2012,
	title = {Adapted for invasion? Comparing attachment, drag and dislodgment of native and nonindigenous hull fouling species},
	author = {Clarke Murray, Cathryn and Therriault, Thomas W. and Martone, Patrick T.},
	year = {2012},
	month = {08},
	date = {2012-08-01},
	journal = {Biological Invasions},
	pages = {1651--1663},
	volume = {14},
	number = {8},
	doi = {10.1007/s10530-012-0178-0},
	url = {https://doi.org/10.1007/s10530-012-0178-0},
	langid = {en}
}

@article{clarkemurray2011,
	title = {Recreational boating: a large unregulated vector transporting marine invasive species},
	author = {Clarke Murray, Cathryn and Pakhomov, Evgeny A. and Therriault, Thomas W.},
	year = {2011},
	date = {2011},
	journal = {Diversity and Distributions},
	pages = {1161--1172},
	volume = {17},
	number = {6},
	doi = {10.1111/j.1472-4642.2011.00798.x},
	url = {https://onlinelibrary.wiley.com/doi/abs/10.1111/j.1472-4642.2011.00798.x},
	note = {{\_}eprint: https://onlinelibrary.wiley.com/doi/pdf/10.1111/j.1472-4642.2011.00798.x},
	langid = {en}
}

@book{lutscher2019,
	title = {Integrodifference Equations in Spatial Ecology},
	author = {Lutscher, Frithjof},
	year = {2019},
	date = {2019},
	publisher = {Springer International Publishing},
	series = {Interdisciplinary Applied Mathematics},
	volume = {49},
	doi = {10.1007/978-3-030-29294-2},
	url = {http://link.springer.com/10.1007/978-3-030-29294-2},
	note = {DOI: 10.1007/978-3-030-29294-2},
	address = {Cham},
	langid = {en}
}

@article{kot2008,
	title = {Saddle-Point Approximations, Integrodifference Equations, and Invasions},
	author = {Kot, Mark and Neubert, Michael G.},
	year = {2008},
	month = {08},
	date = {2008-08-01},
	journal = {Bulletin of Mathematical Biology},
	pages = {1790--1826},
	volume = {70},
	number = {6},
	doi = {10.1007/s11538-008-9325-2},
	url = {https://doi.org/10.1007/s11538-008-9325-2},
	langid = {en}
}

@article{gilioli2013,
	title = {Modelling local and long-distance dispersal of invasive chestnut gall wasp in Europe},
	author = {Gilioli, G. and Pasquali, S. and Tramontini, S. and Riolo, F.},
	year = {2013},
	month = {08},
	date = {2013-08-10},
	journal = {Ecological Modelling},
	pages = {281--290},
	volume = {263},
	doi = {10.1016/j.ecolmodel.2013.05.011},
	url = {https://www.sciencedirect.com/science/article/pii/S0304380013002731}
}

@article{roques2011,
	title = {A statistical-reaction{\textendash}diffusion approach for analyzing expansion processes},
	author = {Roques, Lionel and Soubeyrand, Samuel and Rousselet, {Jérôme}},
	year = {2011},
	month = {04},
	date = {2011-04-07},
	journal = {Journal of Theoretical Biology},
	pages = {43--51},
	volume = {274},
	number = {1},
	doi = {10.1016/j.jtbi.2011.01.006},
	url = {https://www.sciencedirect.com/science/article/pii/S0022519311000105}
}

@article{louvrier2020,
	title = {A mechanistic{\textendash}statistical species distribution model to explain and forecast wolf ({\emph{Canis lupus}}) colonization in South-Eastern France},
	author = {Louvrier, Julie and {Papaïx}, Julien and Duchamp, Christophe and Gimenez, Olivier},
	year = {2020},
	month = {04},
	date = {2020-04-01},
	journal = {Spatial Statistics},
	pages = {100428},
	volume = {36},
	doi = {10.1016/j.spasta.2020.100428},
	url = {https://www.sciencedirect.com/science/article/pii/S2211675320300221}
}

@article{carrère2018,
	title = {Spreading speeds for a two-species competition-diffusion system},
	author = {{Carrère}, {Cécile}},
	year = {2018},
	month = {02},
	date = {2018-02-05},
	journal = {Journal of Differential Equations},
	pages = {2133--2156},
	volume = {264},
	number = {3},
	doi = {10.1016/j.jde.2017.10.017},
	url = {https://www.sciencedirect.com/science/article/pii/S0022039617305612}
}

@article{ducrot2014,
	title = {Existence and convergence to a propagating terrace in one-dimensional reaction-diffusion equations},
	author = {Ducrot, Arnaud and Giletti, Thomas and Matano, Hiroshi},
	year = {2014},
	month = {02},
	date = {2014-02-10},
	journal = {Transactions of the American Mathematical Society},
	pages = {5541--5566},
	volume = {366},
	number = {10},
	doi = {10.1090/S0002-9947-2014-06105-9},
	url = {https://www.ams.org/tran/2014-366-10/S0002-9947-2014-06105-9/},
	langid = {en}
}

@article{gittenberger2011,
	title = {Settlement and possible competition for space between the invasive violet tunicate Botrylloides violaceus and the native star tunicate Botryllus schlosseri in The Netherlands},
	author = {Gittenberger, Adriaan and Moons, Jean},
	year = {2011},
	month = {12},
	date = {2011-12},
	journal = {Aquatic Invasions},
	pages = {435--440},
	volume = {6},
	number = {4},
	doi = {10.3391/ai.2011.6.4.08},
	url = {http://www.aquaticinvasions.net/2011/issue4.html}
}

@article{dijkstra2007,
	title = {Distribution and long-term temporal patterns of four invasive colonial ascidians in the Gulf of Maine},
	author = {Dijkstra, Jennifer and Harris, Larry G. and Westerman, Erica},
	year = {2007},
	month = {03},
	date = {2007-03},
	journal = {Journal of Experimental Marine Biology and Ecology},
	pages = {61--68},
	volume = {342},
	number = {1},
	doi = {10.1016/j.jembe.2006.10.015},
	url = {https://linkinghub.elsevier.com/retrieve/pii/S0022098106005740},
	langid = {en}
}

@book{rcoreteam2023,
	title = {R: A Language and Environment for Statistical Computing},
	author = {R Core Team, },
	year = {2023},
	date = {2023},
	publisher = {R Foundation for Statistical Computing},
	url = {https://www.R-project.org/},
	address = {Vienna, Austria}
}

@article{grey2011,
	title = {Relative effects of environment and direct species interactions on the population growth rate of an exotic ascidian},
	author = {Grey, Erin K.},
	year = {2011},
	date = {2011},
	journal = {Oecologia},
	pages = {935--947},
	volume = {166},
	number = {4},
	url = {https://www.jstor.org/stable/41499896},
	note = {Publisher: Springer}
}
